<?xml version="1.0" encoding="UTF-8"?><collection xmlns="http://www.loc.gov/MARC21/slim"><record><leader>00391nam--2200133-i-4500</leader><controlfield tag="001">000028680</controlfield><controlfield tag="002">20161230</controlfield><controlfield tag="005">20161230201037</controlfield><controlfield tag="008">060222s1000------------r-----000-0-eng-d</controlfield><datafield ind1=" " ind2=" " tag="100"><subfield code="a">Laning, J. Halcombe And R.H.Battin</subfield></datafield><datafield ind1=" " ind2=" " tag="245"><subfield code="a">Random processes in automatic control</subfield></datafield><datafield ind1=" " ind2=" " tag="260"><subfield code="a">New York, Mc Graw Hill, 1956, Ix + 434p</subfield></datafield><datafield ind1=" " ind2=" " tag="490"><subfield code="a">Mc Graw Hill, Seriesin Control Engineering</subfield></datafield><datafield ind1=" " ind2=" " tag="852"><subfield code="a">11787</subfield></datafield></record></collection>